% INTRO - aplikace

@book{applications-chem,
  title={Applications of {M}arkov chains in chemical engineering},
  author={Tamir, A.},
  lccn={gb98068803},
  year={1998},
  publisher={Elsevier}
}

@inproceedings{applications-ctmdp-powermgmt,
  title={Dynamic power management based on continuous-time {M}arkov decision processes},
  author={Qiu, Q. and Pedram, M.},
  booktitle={Proceedings of the 36th annual ACM/IEEE Design Automation Conference},
  pages={555--561},
  year={1999},
  organization={ACM}
}

@book{mc-ching,
  title={{M}arkov chains: models, algorithms and applications},
  author={Ching, W.K. and Ng, M.K.},
  lccn={2005933263},
  series={International series in operations research \& management science},
  year={2006},
  publisher={Springer}
}

@book{mdp-handbook,
  title={Handbook of {M}arkov decision processes: methods and applications},
  author={Feinberg, E.A. and Shwartz, A.},
  volume={40},
  year={2002},
  publisher={Springer}
}

@article{mdpapp-survey,
  title={A survey of applications of {M}arkov decision processes},
  author={White, D.J.},
  journal={Journal of the Operational Research Society},
  pages={1073--1096},
  year={1993},
  publisher={JSTOR}
}

@book{ctmdp-book,
  title={Continuous-Time {M}arkov Decision Processes: Theory and Applications},
  author={Guo, X. and Hern{\'a}ndez-Lerma, O.},
  lccn={2009935465},
  series={Stochastic modelling and applied probability},
  year={2009},
  publisher={Springer Verlag}
}

@inproceedings{applications-ctmdp-scheduling,
  title={On optimal scheduling under uncertainty},
  author={Abdedda{\"\i}m, Y. and Asarin, E. and Maler, O.},
  booktitle={Proceedings of the 9th international conference on Tools and algorithms for the construction and analysis of systems},
  pages={240--253},
  year={2003},
  organization={Springer-Verlag}
}

@article{applications-ctmdp-stochcontrol,
  title={Continuous time discounted jump {M}arkov decision processes: a discrete-event approach},
  author={Feinberg, E.A.},
  journal={Mathematics of Operations Research},
  pages={492--524},
  year={2004},
  publisher={JSTOR}
}


%------------------------------------------------------------------------

@article{miller,
  title={Finite state continuous time {M}arkov decision processes with a finite planning horizon},
  author={Miller, B.L.},
  journal={SIAM Journal on Control},
  volume={6},
  pages={266},
  year={1968}
}

@book{puterman,
  title={{M}arkov decision processes: Discrete stochastic dynamic programming},
  author={Puterman, M.L.},
  year={1994},
  publisher={John Wiley \& Sons, Inc.}
}

@book{neuhausser-phd,
  title={Model checking nondeterministic and randomly timed systems},
  author={Neuh{\"a}u{\ss}er, M.R.},
  year={2010},
  publisher={University of Twente}
}

@inproceedings{ctmdp-late,
  title={Time-bounded reachability probabilities in continuous-time {M}arkov decision processes},
  author={Neuhausser, M.R. and Zhang, L.},
  booktitle={Quantitative Evaluation of Systems (QEST), 2010 Seventh International Conference on the},
  pages={209--218},
  year={2010},
  organization={IEEE}
}

@book{dynamic-prog-opt,
  title={Dynamic programming and optimal control},
  author={Bertsekas, D.P.},
  number={sv. 2},
  isbn={9781886529304},
  series={Athena Scientific optimization and computation series},
  url={http://books.google.cz/books?id=eL01YAAACAAJ},
  year={2007},
  publisher={Athena Scientific}
}

@article{baier05,
  title={Efficient computation of time-bounded reachability probabilities in uniform continuous-time {M}arkov decision processes},
  author={Baier, C. and Hermanns, H. and Katoen, J.P. and Haverkort, B.R.},
  journal={Theoretical Computer Science},
  volume={345},
  number={1},
  pages={2--26},
  year={2005},
  publisher={Elsevier}
}

@article{meaningful,
  title={A characterization of meaningful schedulers for continuous-time {M}arkov decision processes},
  author={Wolovick, N. and Johr, S.},
  journal={Formal Modeling and Analysis of Timed Systems},
  pages={352--367},
  year={2006},
  publisher={Springer}
}

@book{measuretheory,
  title={Probability and measure theory},
  author={Ash, R.B. and Doleans-Dade, C.},
  year={2000},
  publisher={Academic Press}
}
