% COUNTERFEIT-COIN

@article{coins-grossman1945,
  title={The twelve-coin problem},
  author={Grossman, Howard D},
  journal={Scripta Mathematica},
  volume={11},
  pages={360--363},
  year={1945}
}

@article{coins-cwproblems1995,
  title={Coin-weighing problems},
  author={Guy, Richard K and Nowakowski, Richard J},
  journal={American Mathematical Monthly},
  pages={164--167},
  year={1995},
  publisher={JSTOR}
}

@article{coins-2fakes,
  title={Two counterfeit coins},
  author={To{\v{s}}i{\'c}, Ratko},
  journal={Discrete Mathematics},
  volume={46},
  number={3},
  pages={295--298},
  year={1983},
  publisher={Elsevier}
}

@article{coins-3fakes,
  title={Three counterfeit coins problem},
  author={Li, Anping},
  journal={Journal of Combinatorial Theory, Series A},
  volume={66},
  number={1},
  pages={93--101},
  year={1994},
  publisher={Elsevier}
}

@article{coins-mfakes,
  title={How to find many counterfeit coins?},
  author={Pyber, L{\'a}szl{\'o}},
  journal={Graphs and Combinatorics},
  volume={2},
  number={1},
  pages={173--177},
  year={1986},
  publisher={Springer}
}

@article{coins-unknownfakes,
  title={A new competitive algorithm for the counterfeit coin problem},
  author={Hu, Xiao-Dong and Chen, PD and Hwang, Frank K.},
  journal={Information Processing Letters},
  volume={51},
  number={4},
  pages={213--218},
  year={1994},
  publisher={Elsevier}
}

@article{coins-atmostfakes,
  title={Searching for counterfeit coins},
  author={Aigner, Martin and Li, Anping},
  journal={Graphs and Combinatorics},
  volume={13},
  number={1},
  pages={9--20},
  year={1997},
  publisher={Springer}
}

@article{coins-parallel,
  title={Parallel Weighings},
  author={Khovanova, Tanya},
  journal={arXiv preprint arXiv:1310.7268},
  year={2013}
}

@article{coins-dyson1946,
  title={1931. The Problem of the Pennies},
  author={Dyson, Freeman J},
  journal={The Mathematical Gazette},
  pages={231--234},
  year={1946},
  publisher={JSTOR}
}

@article{coins-nonadaptive,
  title={How to detect a counterfeit coin: Adaptive versus non-adaptive solutions},
  author={Born, Axel and Hurkens, Cor AJ and Woeginger, Gerhard J},
  journal={Information processing letters},
  volume={86},
  number={3},
  pages={137--141},
  year={2003},
  publisher={Elsevier}
}

@article{coins-multiplearm,
  title={Optimal detection of a counterfeit coin with multi-arms balances},
  author={De Bonis, Annalisa and Gargano, Luisa and Vaccaro, Ugo},
  journal={Discrete applied mathematics},
  volume={61},
  number={2},
  pages={121--131},
  year={1995},
  publisher={Elsevier}
}

@article{coins-unreliable,
  title={Detecting a counterfeit coin with unreliable weighings},
  author={Pelc, A},
  journal={Ars Combinatoria},
  volume={27},
  pages={181--192},
  year={1989},
  publisher={CHARLES BABBAGE RES CTR PO BOX 272 ST NORBERT POSTAL STATION, WINNIPEG MB R3T 2N2, CANADA}
}

@article{coins-unreliable2,
  title={Searching for a counterfeit coin with two unreliable weighings},
  author={Liu, Wen-An and Zhang, Qi-Min and Nie, Zan-Kan},
  journal={Discrete applied mathematics},
  volume={150},
  number={1},
  pages={160--181},
  year={2005},
  publisher={Elsevier}
}

@article{games-lies,
  title={Searching games with errorsâ€”fifty years of coping with liars},
  author={Pelc, Andrzej},
  journal={Theoretical Computer Science},
  volume={270},
  number={1},
  pages={71--109},
  year={2002},
  publisher={Elsevier}
}

%%%%%%%%%%%%%%%%%%%%%%%%%%%%%%%%%%%%%%%%%%%%%


@article{mm-static,
  title={Static mastermind},
  author={Goddard, Wayne},
  journal={Journal of Combinatorial Mathematics and Combinatorial Computing},
  volume={47},
  pages={225--236},
  year={2003},
  publisher={Citeseer}
}

@article{mm-knuth,
  title={The computer as master mind},
  author={Knuth, Donald E},
  journal={Journal of Recreational Mathematics},
  volume={9},
  number={1},
  pages={1--6},
  year={1976}
}

@article{mm-expnum,
  title={Towards an optimum Mastermind strategy},
  author={Irving, Robert W},
  journal={Journal of Recreational Mathematics},
  volume={11},
  number={2},
  pages={81--87},
  year={1978}
}

@article{mm-entropy,
  title={Some strategies for Mastermind},
  author={Neuwirth, E},
  journal={Zeitschrift f{\"u}r Operations Research},
  volume={26},
  number={1},
  pages={B257--B278},
  year={1982},
  publisher={Springer}
}

@article{mm-mostparts,
  title={Yet Another Mastermind Strategy.},
  author={Kooi, Barteld P},
  journal={ICGA Journal},
  volume={28},
  number={1},
  pages={13--20},
  year={2005},
  publisher={Citeseer}
}

@article{mm-chvatil,
  title={Mastermind},
  author={Chv{\'a}tal, Vasek},
  journal={Combinatorica},
  volume={3},
  number={3-4},
  pages={325--329},
  year={1983},
  publisher={Springer}
}

@article{mm-ville,
  title={An Optimal Mastermind (4, 7) Strategy and More Results in the Expected Case},
  author={Ville, Geoffroy},
  journal={arXiv preprint arXiv:1305.1010},
  year={2013}
}

@article{mm-exp-opt,
  title={An optimal Mastermind strategy},
  author={Koyama, Kenji and Lai, Tony W},
  journal={Journal of Recreational Mathematics},
  volume={25},
  number={4},
  pages={251--256},
  year={1993}
}
